@ARTICLE{2015arXiv150703989M,
  author = {{Momcheva}, I. and {Tollerud}, E.},
  title = {{Software Use in Astronomy: an Informal Survey}},
  journal = {ArXiv e-prints},
  archiveprefix = {arXiv},
  eprint = {1507.03989},
  primaryclass = {astro-ph.IM},
  keywords = {Astrophysics - Instrumentation and Methods for Astrophysics, Computer Science - Computers and Society},
  year = {2015},
  month = {jul},
  adsurl = {http://adsabs.harvard.edu/abs/2015arXiv150703989M},
  adsnote = {Provided by the SAO/NASA Astrophysics Data System},
}


@article{Robitaille_2013,
  doi = {10.1051/0004-6361/201322068},
  url = {http://dx.doi.org/10.1051/0004-6361/201322068},
  year = {2013},
  month = {sep},
  publisher = {{EDP} Sciences},
  volume = {558},
  pages = {A33},
  author = {Thomas P. Robitaille and Erik J. Tollerud and Perry Greenfield and Michael Droettboom and Erik Bray and Tom Aldcroft and Matt Davis and Adam Ginsburg and Adrian M. Price-Whelan and Wolfgang E. Kerzendorf and Alexander Conley and Neil Crighton and Kyle Barbary and Demitri Muna and Henry Ferguson and Fr{\'{e}}d{\'{e}}ric Grollier and Madhura M. Parikh and Prasanth H. Nair and Hans M. GÃ¼nther and Christoph Deil and Julien Woillez and Simon Conseil and Roban Kramer and James E. H. Turner and Leo Singer and Ryan Fox and Benjamin A. Weaver and Victor Zabalza and Zachary I. Edwards and K. Azalee Bostroem and D. J. Burke and Andrew R. Casey and Steven M. Crawford and Nadia Dencheva and Justin Ely and Tim Jenness and Kathleen Labrie and Pey Lian Lim and Francesco Pierfederici and Andrew Pontzen and Andy Ptak and Brian Refsdal and Mathieu Servillat and Ole Streicher},
  title = {{Astropy: A community Python package for astronomy}},
  journal = {Astronomy {\&} Astrophysics},
}
